<record><leader>00000cas a2200000 a 4500</leader><controlfield tag="001">12099073</controlfield><controlfield tag="008">850531d19011902ksudr ne      0    0eng d</controlfield><datafield ind1=" " ind2=" " tag="010"><subfield code="a">sn 85029313 </subfield></datafield><datafield ind1=" " ind2=" " tag="040"><subfield code="a">KSH</subfield><subfield code="b">eng</subfield><subfield code="c">KSH</subfield><subfield code="d">NPT</subfield><subfield code="d">OCL</subfield><subfield code="d">OCLCQ</subfield></datafield><datafield ind1="0" ind2=" " tag="041"><subfield code="a">engger</subfield></datafield><datafield ind1=" " ind2=" " tag="042"><subfield code="a">msc</subfield></datafield><datafield ind1="0" ind2="4" tag="245"><subfield code="a">The Chronicle-tribune.</subfield></datafield><datafield ind1=" " ind2=" " tag="260"><subfield code="a">Leavenworth, Kan. :</subfield><subfield code="b">Chronicle Print. &amp; Pub. Co.,</subfield><subfield code="c">1901-1902.</subfield></datafield><datafield ind1=" " ind2=" " tag="300"><subfield code="a">1 v. :</subfield><subfield code="b">ill. ;</subfield><subfield code="c">55 cm.</subfield></datafield><datafield ind1=" " ind2=" " tag="310"><subfield code="a">Daily (except Sunday)</subfield></datafield><datafield ind1="0" ind2=" " tag="362"><subfield code="a">Vol. 14, no. 5,107 (May 1, 1901)-v. 15, no. 5,373 (Mar. 12, 1902).</subfield></datafield><datafield ind1=" " ind2=" " tag="546"><subfield code="a">In English, with some articles in German.</subfield></datafield><datafield ind1=" " ind2=" " tag="580"><subfield code="a">Also issued a weekly edition called: Labor chronicle (Leavenworth, Kan. : 1892).</subfield></datafield><datafield ind1=" " ind2=" " tag="752"><subfield code="a">United States</subfield><subfield code="b">Kansas</subfield><subfield code="c">Leavenworth</subfield><subfield code="d">Leavenworth.</subfield></datafield><datafield ind1="0" ind2="4" tag="780"><subfield code="t">Leavenworth chronicle (Leavenworth, Kan. : 1900)</subfield><subfield code="w">(DLC)sn 85029312</subfield></datafield><datafield ind1="0" ind2="4" tag="780"><subfield code="t">Leavenworth tribune (Leavenworth, Kan. : 1897)</subfield><subfield code="w">(DLC)sn 85029334</subfield></datafield><datafield ind1="0" ind2="7" tag="785"><subfield code="t">Leavenworth standard (Leavenworth, Kan. : 1901)</subfield><subfield code="w">(DLC)sn 85029299</subfield></datafield><datafield ind1="0" ind2="7" tag="785"><subfield code="t">Leavenworth standard and the chronicle-tribune</subfield><subfield code="w">(DLC)sn 85029300</subfield></datafield></record>